<?xml version="1.0" encoding="UTF-8"?><record xmlns="http://www.loc.gov/MARC21/slim" xmlns:cinclude="http://apache.org/cocoon/include/1.0" xmlns:zs="http://www.loc.gov/zing/srw/">
  <leader>00415nz  a2200121n  4500</leader>
  <controlfield tag="001">n 2004095671</controlfield>
  <controlfield tag="003">DLC</controlfield>
  <controlfield tag="005">20040902180030.0</controlfield>
  <controlfield tag="008">040902n| acannaabn          |n aaa      </controlfield>
  <datafield tag="010" ind1=" " ind2=" ">
    <subfield code="a">n 2004095671</subfield>
  </datafield>
  <datafield tag="040" ind1=" " ind2=" ">
    <subfield code="a">DLC</subfield>
    <subfield code="b">eng</subfield>
    <subfield code="c">DLC</subfield>
  </datafield>
  <datafield tag="100" ind1="1" ind2=" ">
    <subfield code="a">I︠A︡shechkin, S. V.</subfield>
  </datafield>
  <datafield tag="670" ind1=" " ind2=" ">
    <subfield code="a">I︠A︡shechkin, S. V. Metodologicheskie osnovy reformirovanii︠a︡ ėlektroėnergetiki v razvitykh stranakh, 2003:</subfield>
    <subfield code="b">t.p. (S.V. I︠A︡shechkin)</subfield>
  </datafield>
</record>